@book{Parr:2013:DAR:2501720,
 author = {Parr, Terence},
 title = {The Definitive ANTLR 4 Reference},
 year = {2013},
 isbn = {1934356999, 9781934356999},
 edition = {2nd},
 publisher = {Pragmatic Bookshelf},
}

@misc{omni:website,
 author = {Programming{\ }Environment{\ }Research{\ }Team{\ }at{\ }RIKEN{\ }AICS{\ \&\ }HPCS{\ }Lab.{\ }at{\ }University{\ }of{\ }Tsukuba},
 title = {The OMNI Compiler Project},
 year = {1992-2016},
 url = {http://www.omni-compiler.org},
 note = {[Online; accessed 2015-10-15]}
}

@misc{omni:github,
 author = {Programming{\ }Environment{\ }Research{\ }Team{\ }at{\ }RIKEN{\ }AICS{\ \&\ }HPCS{\ }Lab.{\ }at{\ }University{\ }of{\ }Tsukuba},
 title = {OMNI Compiler - Git repository},
 year = {2016},
 url = {https://github.com/omni-compiler/omni-compiler},
 note = {[Online; accessed 2016-12-21], url: https://github.com/omni-compiler/omni-compiler}
}

@manual{omni:xcodemlf2008,
    organization  = {Programming{\ }Environment{\ }Research{\ }Team{\ }at{\ }RIKEN{\ }AICS{\ \&\ }HPCS{\ }Lab.{\ }at{\ }University{\ }of{\ }Tsukuba},
    title         = {XcodeML/Fortran 2008 specification},
    year          =  2017,
    month         =  07,
    note          = "ver. 1.0, url: https://github.com/omni-compiler/XcodeML-Specification"
}

@manual{omni:xcodemlf95,
    organization  = {Programming{\ }Environment{\ }Research{\ }Team{\ }at{\ }RIKEN{\ }AICS{\ \&\ }HPCS{\ }Lab.{\ }at{\ }University{\ }of{\ }Tsukuba},
    title         = {XcodeML/Fortran 95 specification},
    year          =  2011,
    month         =  01,
    day           =  31,
    note          = "ver. 0.91J, url: http://omni-compiler.org/xcodeml.html"
}

@manual{claw:specification,
 author = {Center{\ }for{\ }Climate{\ }System{\ }Modeling},
 title  = {CLAW language specification},
 year   =  2017,
 month  =  07,
 day    =  23,
 note   = "v0.4.0, url: https://github.com/claw-project/claw-language-specification"
}

@manual{claw:online,
 author = {Center{\ }for{\ }Climate{\ }System{\ }Modeling},
 title  = {CLAW Online Documentation},
 year   =  2018,
 month  =  03,
 day    =  19,
 note   = "url: https://claw-project.github.io/claw-documentation/"
}

@manual{claw:javadoc,
 author = {Center{\ }for{\ }Climate{\ }System{\ }Modeling},
 title  = {CLAW X2T Javadoc},
 year   =  2018,
 month  =  03,
 day    =  19,
 note   = "url: https://claw-project.github.io/claw-documentation/javadoc/index.html"
}
